@TECHREPORT{R1,
  author = {K. Afanasiev and M. Hinze, M.},
  title = {Control of a wake flow using proper orthogonal decomposition},
  institution = {TU Berlin},
  year = {1999},
  type = {Preprint},
  number = {648/1999},
  file = {AH99_Afanasiev_Hinze_Adaptive_control_wake_flow_POD.pdf:AH99_Afanasiev_Hinze_Adaptive_control_wake_flow_POD.pdf:PDF},
  owner = {bhaas_01},
  timestamp = {2009.01.28},
  url = {http://www.math.tu-dresden.de/~hinze/Psfiles/Preprint648.ps.gz}
}

@article{AINSWORTH19971,
title = "A posteriori error estimation in finite element analysis",
journal = "Computer Methods in Applied Mechanics and Engineering",
volume = "142",
number = "1",
pages = "1 - 88",
year = "1997",
note = "",
issn = "0045-7825",
doi = "http://dx.doi.org/10.1016/S0045-7825(96)01107-3",
url = "http://www.sciencedirect.com/science/article/pii/S0045782596011073",
author = "Mark Ainsworth and J.Tinsley Oden",

}
